@Misc{wiki1,
  title =	"Wikipedia definition of Devanagari",
  note =	"http://en.wikipedia.org/wiki/Devanagari",
}
@Misc{wiki2,
  title =	"Wikipedia details of Complex Scripts or Complex Script Layout",
  note =	"\\http://en.wikipedia.org/wiki/Complex text layout",
}
@Misc{wiki3,
  title =	"Internationalization and Localization",
  note =	"\\http://en.wikipedia.org/wiki/Internationalization\_and\_localization",
}
@Misc{wiki4,
  title =	"Wikipedia details on Unicode",
  note =	"http://en.wikipedia.org/wiki/Unicode",
}
@Misc{wiki5,
  title =	"American Standard Code for Information Interchange",
  note =	"\\http://en.wikipedia.org/wiki/ASCII",
}
@Misc{wiki6,
  title =	"Wikipedia details of QT Framework",
  note =	"http://en.wikipedia.org/wiki/Qt\_(framework)",
}
@Misc{internet1,
  title =	"Official website of Unicode Consortium and Unicode Standard",
  note =	"http://unicode.org/",
}
@Misc{internet2,
  title =	"FAQs for unicode and UTF-8",
  note =	"http://unicode.org/faq/utf\_bom.html",
}
@Misc{internet3,
  title =	"Pango Reference Manuat at GNOME",
  note =	"http://developer.gnome.org/pango/stable/",
}
@Misc{internet4,
  title =	"Official Pango web site",
  note =	"http://www.pango.org/",
}
@Misc{internet5,
  title =	"Official KDE web site",
  note =	"http://www.kde.org/",
}
@Misc{internet6,
  title =	"Cairo Graphics documentation, manual and tutorials on the official Cairographics site",
  note =	"http://www.cairographics.org/documentation/",
}
@Misc{internet7,
  title =	"Pango Cairo Rendering at gnome developer site",
  note =	"\\http://developer.gnome.org/pango/stable/pango-Cairo-Rendering.html",
}
@Misc{internet8,
  title =	"Swathanthra Indian Language Computing Project or Silpa",
  note =	"\\http://silpa.org.in/",
}
@Misc{bug1,
  title =	"(vtecomplex) Gnome-terminal doesn't handle Unicode complex text rendering",
  note =	"\\http://bugzilla.gnome.org/show\_bug.cgi?id=584160",
}
@Misc{bug2,
  title =	"Arabic, Hebrew: character alignment not working properly",
  note =	"\\http://bugzilla.gnome.org/show\_bug.cgi?id=321490",
}
@Misc{sourcecode,
  title =	"Sourceforge link of our project",
  note =	"\\http://sourceforge.net/p/vteindic/home/",
}
